@manual{IRF4905S,
	title        = {{IRF4905SPbF IRF4905LPbF}},
	url          = {https://www.infineon.com/dgdl/irf4905spbf.pdf?fileId=5546d462533600a4015355e331c41980},
	note         = {Accessed: 04-November-2022},
	organization = {Infineon Technologies Americas Corp.}
}
@manual{MC34063AD,
	title        = {{MC34063A, MC33063A, SC34063A, SC33063A, NCV33063A}},
	url          = {https://www.onsemi.com/pdf/datasheet/mc34063a-d.pdf},
	note         = {Accessed: 04-November-2022},
	organization = {onsemi}
}
@manual{L78,
	title        = {{L78}},
	url          = {https://estore.st.com/en/l7805acv-cpn.html},
	note         = {Accessed: 04-November-2022},
	organization = {STMicroelectronics N.V.}
}
@manual{B0505,
	title        = {{DC/DC Converter A\_S-2WR2 \& B\_S-2WR2 series}},
	url          = {https://www.mornsun-power.com/html/pdf/B0505S-2WR2.html},
	note         = {Accessed: 04-November-2022},
	organization = {MORNSUN Guangzhou Science \& Technology Co., Ltd.}
}
@manual{LM2596,
	title        = {{LM2596 SIMPLE SWITCHER \textregistered Power Converter 150-kHz 3-A Step-Down Voltage Regulator}},
	url          = {https://www.ti.com/lit/ds/symlink/lm2596.pdf?ts=1688740122974\&ref\%5Furl=https\%253A\%252F\%252Fwww.ti.com\%252Fproduct\%252FLM2596},
	note         = {Accessed: 04-November-2022},
	organization = {Texas Instruments Incorporated.}
}
@manual{TL431,
	title        = {{TL431, TL432 Precision Programmable Reference}},
	url          = {https://www.ti.com/lit/ds/symlink/tl431.pdf?ts=1688790573072\&ref\%5Furl=https\%253A\%252F\%252Fwww.google.com\%252F},
	note         = {Accessed: 04-November-2022},
	organization = {Texas Instruments Incorporated.}
}
@manual{LM393,
	title        = {{LM393B, LM2903B, LM193, LM293, LM393 and LM2903 Dual Comparators}},
	url          = {https://www.ti.com/lit/ds/symlink/lm393.pdf?ts=1688792824016\&ref\%5Furl=https\%253A\%252F\%252Fwww.ti.com\%252Fproduct\%252FLM393},
	note         = {Accessed: 04-November-2022},
	organization = {Texas Instruments Incorporated.}
}
@manual{INA226,
	title        = {{INA226 High-Side or Low-Side Measurement, Bi-Directional Current and Power Monitor with I2C Compatible Interface}},
	url          = {https://www.ti.com/lit/ds/symlink/ina226.pdf?ts=1688811751173\&ref\%5Furl=https\%253A\%252F\%252Fwww.ti.com\%252Fproduct\%252FINA226\%252Fpart-details\%252FINA226AIDGSR},
	note         = {Accessed: 04-November-2022},
	organization = {Texas Instruments Incorporated.}
}
@manual{ESP32,
	title        = {{ESP-C3-32S Specification}},
	url          = {https://docs.ai-thinker.com/\%5Fmedia/esp32/docs/esp-c3-32s\%5F\%E8\%8B\%B1\%E6\%96\%87.pdf},
	note         = {Accessed: 04-November-2022},
	organization = {Shenzhen Ai-Thinker Technology Co., Ltd.}
}
@manual{ADUM3201,
	title        = {{Dual-Channel, Digital Isolators, Enhanced System-Level ESD Reliability}},
	url          = {https://www.analog.com/media/en/technical-documentation/data-sheets/ADUM3200\%5F3201.pdf},
	note         = {Accessed: 04-November-2022},
	organization = {Analog Devices Incorporated.}
}
@manual{ISO1540,
	title        = {{ISO154x Low-Power Bidirectional I2C Isolators}},
	url          = {https://www.ti.com/lit/ds/symlink/iso1540.pdf?ts=1688885965394\&ref\%5Furl=https\%253A\%252F\%252Fwww.google.com\%252F},
	note         = {Accessed: 04-November-2022},
	organization = {Texas Instruments Incorporated.}
}
@manual{XT60PW,
	title        = {{ISO154x Low-Power Bidirectional I2C Isolators}},
	url          = {https://www.ti.com/lit/ds/symlink/iso1540.pdf?ts=1688885965394\&ref\%5Furl=https\%253A\%252F\%252Fwww.google.com\%252F},
	note         = {Accessed: 04-November-2022},
	organization = {Texas Instruments Incorporated.}
}
