@article{AmplifierDesign,
	title        = {High gain amplification of low-side current sensing shunt resistor},
	author       = {Lai, C. and Ziegler, Silvio and Iu, H.},
	year         = 2008,
	month        = {01},
	pages        = {}
}
@article{ShuntCharacteristic,
	title        = {Investigation Into Static and Dynamic Performance of the Copper Trace Current Sense Method},
	author       = {Ziegler, Silvio and Woodward, Robert and Iu, Herbert and Borle, Lawrence},
	year         = 2009,
	month        = {08},
	journal      = {Sensors Journal, IEEE},
	volume       = 9,
	pages        = {782--792},
	doi          = {10.1109/JSEN.2009.2021803}
}
@article{TemperatureCompShunt,
	title        = {High-accuracy current measurement with low-cost shunts by means of dynamic error correction},
	author       = {We\ss{}kamp, Patrick and Melbert, Joachim},
	year         = 2016,
	month        = 11,
	journal      = {Journal of Sensors and Sensor Systems},
	volume       = 5,
	pages        = {389--400},
	doi          = {10.5194/jsss-5-389-2016}
}
@online{ToshibaPowerMOSFETGuide,
	title        = {{Power MOSFET Selecting MOSFFETs and Consideration for Circuit Design}},
	author       = {{Toshiba Electronic Devices \& Storage Corporation}},
	year         = 2018,
	month        = {01},
	url          = {https://toshiba.semicon-storage.com/info/application\%5Fnote\%5Fen\%5F20180726\%5FAKX00064.pdf?did=13416},
	note         = {Accessed: December 28, 2022}
}
@inproceedings{MOSFET_parallel_low_power,
	title        = {Experimental investigations of static and transient current sharing of parallel-connected silicon carbide MOSFETs},
	author       = {Sadik, Diane and Colmenares, Juan and Peftitsis, Dimosthenis and Lim, J.-K and Rabkowski, J. and Nee, H.-P},
	year         = 2013,
	month        = {09},
	pages        = {1--10},
	doi          = {10.1109/EPE.2013.6634432}
}
@techreport{InfineonNMOSHighDrive,
	title        = {{Simple High Side Drive Provides Fast Switching and Continuous On-Time}},
	author       = {{International Rectifier}},
	url          = {https://www.infineon.com/dgdl/Infineon-Simple\%5FHigh\%5FSide\%5FDrive\%5FProvides\%5FFast\%5FSw-Article-v01\%5F00-EN.pdf?fileId=5546d46254e133b401554de58b225d15},
	note         = {Accessed: December 28, 2022}
}
@techreport{InfineonParallelMOS,
	title        = {{Paralleling power MOSFETs in high current applications}},
	author       = {{International Rectifier}},
	url          = {https://www.infineon.com/dgdl/Infineon-PowerMOSFET\%5FParalleling\%5Fpower\%5FMOSFET\%5Fin\%5Fhigh\%5Fcurrent\%5Fapplications-ApplicationNotes-v02\%5F01-EN.pdf?fileId=5546d462758f5bd101759ca434f111c1\&da=t},
	note         = {Accessed: December 28, 2022}
}
@techreport{TIParallelMOS,
	title        = {{Tips for Successfully Paralleling Power MOSFETs}},
	author       = {John Wallace, Texas Instruments Inc.},
	url          = {https://www.ti.com/lit/an/slpa020/slpa020.pdf?ts=1674829726928\&ref\%5Furl=https\%253A\%252F\%252Fwww.google.com\%252F},
	note         = {Accessed: December 28, 2022}
}
@techreport{TISOA,
	title        = {{Using MOSFET Safe Operating Area Curves in Your Design}},
	author       = {John Wallace, Texas Instruments Inc.},
	url          = {https://www.ti.com/lit/an/sluaao2/sluaao2.pdf?ts=1687343512030\&ref\%5Furl=https\%253A\%252F\%252Fwww.google.com\%252F},
	note         = {Accessed: April 28, 2023}
}
@techreport{InfineonD2PAKThermal,
	title        = {{Thermal measurement for D2PAK on PCB}},
	author       = {{International Rectifier}},
	url          = {https://www.infineon.com/dgdl/Infineon-AN-2021-02_Thermal_measurement_for_D2PAK_on_PCB-ApplicationNotes-v02_00-EN.pdf?fileId=5546d4627956d53f0179a29c13950aa6},
	note         = {Accessed: April 28, 2023}
}
@online{d2pak,
	author  = "Wikimedia Commons",
	title   = "TO-263AA Back Bottom.svg",
	year    = "2007",
	url     = "https://commons.wikimedia.org/wiki/File:TO-263AA_Back_Bottom.svg",
	note    = {Accessed: April 28, 2023}
}